@string{tip = "IEEE Transactions on Image Processing"}
@string{cviu = "Computer Vision and Image Understanding"}
@string{jmiv = "Journal of Mathematical Imaging and Vision"}
@string{ijcv = "International Journal of Computer Vision"}



%% Clustering %%


@Article{JeffreysCentroid-2013,
author = {F. Nielsen},
title = {Jeffreys centroids: {A} closed-form expression for positive histograms
and a guaranteed tight approximation for frequency histograms},
volume = 20, 
number = 7, 
journal = {IEEE Signal Processing Letters (SPL)},
year = {2013}
}

@incollection{NIPS2013_5075,
title = {Sign Cauchy Projections and Chi-Square Kernel},
author = {Li, Ping and Samorodnitsk, Gennady and Hopcroft, John},
booktitle = {Advances in Neural Information Processing Systems 26},
pages = {2571--2579},
year = {2013}
}

@article{DBLP:journals/siamsc/BenamouCCNP15,
  title={Iterative {Bregman} projections for regularized transportation problems},
  author={Benamou, J-D. and Carlier, G. and Cuturi, M. and Nenna, L. and Peyr{\'e}, G.},
  journal={SIAM Journal on Scientific Computing},
  volume={37},
  number={2},
  pages={A1111--A1138},
  year={2015},
  publisher={SIAM}
}

@article{ZenICPR14,
	Author = {G. Zen and E. Ricci and N. Sebe},
	Journal = {Proc. ICPR'14},
	Title = {Simultaneous Ground Metric Learning and Matrix Factorization with Earth Movers Distance},
	Year = {2014}}


@article{banerjee2005clustering,
  title={Clustering with {Bregman} divergences},
  author={Banerjee, A. and Merugu, S. and Dhillon, I. S and Ghosh, J.},
  journal={The Journal of Machine Learning Research},
  volume={6},
  pages={1705--1749},
  year={2005}
}

%% Wasserstein generic %%

@book{Villani03,
  title={Topics in Optimal Transportation},
  author={Villani, C.},
  isbn={9780821833124},
  lccn={03040350},
  series={Graduate Studies in Mathematics Series},
  year={2003},
  publisher={American Mathematical Society}
}

@book{villani09,
	  title={Optimal transport: old and new},
	  author={Villani, C.},
	  volume={338},
	  year={2009},
	  publisher={Springer Verlag}
	}


@article{RubTomGui00,
	Author = {Y. Rubner and C. Tomasi and L.J. Guibas},
	Journal = {IJCV: International Journal of Computer Vision},
	Title = {The Earth Mover's Distance as a Metric for Image Retrieval},
	Volume = {40},
	Year = {2000}}

@article{Kantorovich42,
	Address = {Hingham, MA, USA},
	Author = {L. Kantorovich},
	OPTannote = {Translated in Management Science, Vol. 5, pp. 1--4, 1959},
	Number = {2},
	Pages = {227-229},
	journal = {Doklady Akademii Nauk},
	Title = {On the transfer of masses (in Russian)},
	Volume = {37},
	Year = {1942}
}

@INPROCEEDINGS{Pele-iccv2009,
author = {O. Pele and M. Werman},
title = {Fast and Robust Earth Mover's Distances},
booktitle = {ICCV'09},
year = {2009}
}



%% Wasserstein computation %%


@techreport{Galichon-Entropic, 
author = {A. Galichon and B. Salani\'e}, 
title = {Matching with Trade-offs: Revealed Preferences over Competing Characteristics}, 
journal = {ACM Transactions on Graphics (SIGGRAPH ASIA'11)}, 
Type = {Preprint SSRN-1487307},
institution = "Preprint SSRN-1487307",
year = {2009}, 
}
	


@article{Bonneel-displacement, 
author = {Bonneel, N. and {van de Panne}, M. and Paris, S. and Heidrich, W.}, 
title = {Displacement Interpolation Using Lagrangian Mass Transport}, 
journal = {ACM Transactions on Graphics (SIGGRAPH ASIA'11)}, 
volume = {30}, 
number = {6}, 
year = {2011}, 
}

% Book about assignement

@book{Burkard09,
 author = {Burkard, R. and Dell'Amico, M. and Martello, S.},
 title = {Assignment Problems},
 year = {2009},
 isbn = {0898716632, 9780898716634},
 publisher = {Society for Industrial and Applied Mathematics},
 address = {Philadelphia, PA, USA},
} 


% Fluid dynamic
@article{Benamou2000,
 author = {Benamou, J.-D.  and Brenier, Y. },
 title = {A computational fluid mechanics solution of the {M}onge-{K}antorovich mass transfer problem},
journal={Numerische Mathematik}, 
volume={84},
number={3},
year={2000},
pages={375--393}
}

@article{FPapPeyOud13,
title = "Optimal Transport with Proximal Splitting",
   	author = "N. Papadakis and G. Peyr{\'e} and E. Oudet",
	journal = "SIAM Journal on Imaging Sciences",
	volume = 7, 
	number = 1, 
	pages =  "212--238", 
     year = "2014",
}

% semi-discrete/computational geometry
@article{Merigot2011,
author = {M\'erigot, Q.},
title = {A multiscale approach to optimal transport},
journal = {Computer Graphics Forum},
volume = 30,
number = {5},
pages = {1583--1592},
year = {2011}
}


@article{Levy3d,
AUTHOR = {Levy, B.},
TITLE = { A numerical algorithm for {$L^2$} semi-discrete optimal transport in 3D},
JOURNAL = {M2AN, to appear},
YEAR = {2015},
}


	
%% Wasserstein Barycenter %%%

@article{Carlier_wasserstein_barycenter,
	Author = {M. Agueh and G. Carlier},
	Journal = {SIAM J. on Mathematical Analysis},
	Number = {2},
	Pages = {904--924},
	Title = {Barycenters in the {W}asserstein space},
	Volume = {43},
	Year = {2011}}

@article{nash2000survey,
	  title={A survey of truncated-Newton methods},
	  author={Nash, Stephen G},
	  journal={Journal of Computational and Applied Mathematics},
	  volume={124},
	  number={1},
	  pages={45--59},
	  year={2000},
	  publisher={Elsevier}
	}
	
@techreport{Carlier-NumericsBarycenters,
	Author = {G. Carlier and A. Oberman and E. Oudet},
	Title = {Numerical methods for matching for teams and {Wasserstein} barycenters},
	Type = {Preprint HAL-00987292},
	institution = "Preprint HAL-00987292",
	Year = {2014}}


@article{BigotBarycenter,
	Author = {Bigot, J. and Klein, T.},
	journal = {Preprint arXiv:1212.2562},
	Title = {Consistent estimation of a population barycenter in the
{Wasserstein} space},
	Year = {2012}
}


@article{2013-Bonneel-barycenter,
  title={Sliced and radon {Wasserstein} barycenters of measures},
  author={Bonneel, N. and Rabin, J. and Peyr{\'e}, G. and Pfister, H.},
  journal={Journal of Mathematical Imaging and Vision},
  volume = 51, 
  number = 1, 
  pages = "22--45", 
  year={2015},
  publisher={Springer}
}


@inproceedings{2013-ssvm-mixing,
    title = "Static and Dynamic Texture Mixing Using Optimal Transport",
   	author = "S. Ferradans and G-S. Xia  and G. Peyr{\'e} and J-F. Aujol",
     booktitle = "Proc. SSVM'13",
     year = "2013", 
	pages={137--148},
	booktitle={Scale Space and Variational Methods in Computer Vision},
	volume={7893},
	series={Lecture Notes in Computer Science},
	publisher={Springer Berlin Heidelberg}
}

@Article{2014-xia-siims,
    title = "Synthesizing and Mixing Stationary Gaussian Texture Models",
   	author = "G-S. Xia and S. Ferradans and G. Peyr{\'e} and J-F. Aujol",
     journal = "SIAM Journal on Imaging Sciences",
     year = "2014",
	volume = 7,
	number = 1, 
	pages = "476--508",
}



%%% Applications %%%

% in vision
@INPROCEEDINGS{Rubner1998,
author={Rubner, Y. and Tomasi, C. and Guibas, L.J.},
booktitle={IEEE International Conference on Computer Vision (ICCV'98)}, 
title={A metric for distributions with applications to image databases},
year={1998},
pages={59--66}
}
% in graphics (to update)
@inproceedings{peyre2013Gaussians,
    title = "Optimal Transport Mixing of Gaussian Texture Models",
   	author = "S. Ferradans and G-S. Xia  and G. Peyr{\'e} and J-F. Aujol",
     booktitle = "Proc. SSVM'13",
     year = "2013", 
}
% in machine learning
@inproceedings{Solomon-ICML,
    title = "Wasserstein Propagation for Semi-Supervised Learning",
   	author = "J. Solomon and R.M. Rustamov and L. Guibas and A. Butscher",
     booktitle = "Proc. ICML 2014",
     year = "2014", 
}

bags of visual features

@INPROCEEDINGS{Lowe1999,
author={Lowe, D.G.},
booktitle={Computer Vision, 1999. The Proceedings of the Seventh IEEE International Conference on}, title={Object recognition from local scale-invariant features},
year={1999},
month={},
volume={2},
number={},
pages={1150 -1157 vol.2},
keywords={3D projection;blurred image gradients;candidate object matches;cluttered partially occluded images;computation time;inferior temporal cortex;local geometric deformations;local image features;local scale-invariant features;low residual least squares solution;multiple orientation planes;nearest neighbor indexing method;primate vision;robust object recognition;staged filtering approach;unknown model parameters;computational geometry;feature extraction;image matching;least squares approximations;object recognition;},
ISSN={}}

@article{oliva2001modeling,
  title={Modeling the shape of the scene: A holistic representation of the spatial envelope},
  author={Oliva, A. and Torralba, A.},
  journal={International Journal of Computer Vision},
  volume={42},
  number={3},
  pages={145--175},
  year={2001},
  publisher={Springer}
}

text

@article{salton1975vector,
  title={A vector space model for automatic indexing},
  author={Salton, Gerard and Wong, Anita and Yang, Chung-Shu},
  journal={Communications of the ACM},
  volume={18},
  number={11},
  pages={613--620},
  year={1975},
  publisher={ACM}
}



@article{vedaldi2012efficient,
  title={Efficient additive kernels via explicit feature maps},
  author={Vedaldi, Andrea and Zisserman, Andrew},
  journal={Pattern Analysis and Machine Intelligence, IEEE Transactions on},
  volume={34},
  number={3},
  pages={480--492},
  year={2012},
  publisher={IEEE}
}

%%% optim %%%

@ARTICLE{fadili-tip-10-tv,
    title = "Total Variation Projection with First Order Schemes",
   author = "J. Fadili and G. Peyr{\'e}",
     journal = "IEEE Transactions on Image Processing",
     year = "2011",
     volume = 20,
     number = 3,
     pages =  "657--669", 
     doi = "doi:10.1109/TIP.2010.2072512",
     url = {http://hal.archives-ouvertes.fr/hal-00380491/}, 
     comment = {<a href='https://github.com/gpeyre/2011-TIP-tv-projection'>code</a>},
	gsid = "12708709161842580706",
}



@article{BeckTeboulle09,
	Address = {Philadelphia, PA, USA},
	Author = {A. Beck and M. Teboulle},
	Date-Modified = {2011-08-23 12:46:56 +0200},
	Doi = {10.1137/080716542},
	Issn = {1936-4954},
	Journal = {SIAM J. Img. Sci.},
	Month = {March},
	Number = {1},
	Numpages = {20},
	Pages = {183--202},
	Publisher = {Society for Industrial and Applied Mathematics},
	Title = {A Fast Iterative Shrinkage-Thresholding Algorithm for Linear Inverse Problems},
	Volume = {2},
	Year = {2009},
	Bdsk-Url-1 = {http://dx.doi.org/10.1137/080716542}}
	
@techreport{Nesterov07,
	Author = {Y. Nesterov},
	Institution = {Universit{\'e} catholique de Louvain, Center for Operations Research and Econometrics (CORE)},
	Month = {Sep},
	Number = {2007076},
	Title = {Gradient methods for minimizing composite objective function},
	Type = {CORE Discussion Papers},
	Url = {http://ideas.repec.org/p/cor/louvco/2007076.html},
	Year = {2007}
}



@article{lee1999learning,
  title={Learning the parts of objects by non-negative matrix factorization},
  author={Lee, D. D. and Seung, H. S.},
  journal={Nature},
  volume={401},
  number={6755},
  pages={788--791},
  year={1999},
  publisher={Nature Publishing Group}
}



@inproceedings{cuturi2014fast,
  title={Fast Computation of {Wasserstein} Barycenters},
  author={Cuturi, M. and Doucet, A.},
  booktitle={Proceedings of the 31st International Conference on Machine Learning (ICML-14)},
  pages = "685--693", 
  year={2014}
}

@inproceedings{cuturi2013sinkhorn,
	  title={Sinkhorn Distances: Lightspeed Computation of Optimal Transport},
	  author={Cuturi, M. },
	  booktitle = {Advances in Neural Information Processing Systems 26},
	  pages={2292--2300},
	  year={2013}
}



@book{Boyd:1072,
	Author = {S. Boyd and L. Vandenberghe},
	Publisher = {Cambridge University Press},
	Title = {Convex Optimization},
	Year = {2004}}
	
	
%% Gradient flows %%%


@article{otto2001geometry,
  title={The geometry of dissipative evolution equations: the porous medium equation},
  author={Otto, F.},
  year={2001},
journal={Communications in partial differential equations},
volume = {26},
number = {1-2},
pages = {101-174}
}

@article{maury2010macroscopic,
  title={A macroscopic crowd motion model of gradient flow type},
  author={Maury, B. and Roudneff-Chupin, A. and Santambrogio, F.},
  journal={Mathematical Models and Methods in Applied Sciences},
  volume={20},
  number={10},
  pages={1787--1821},
  year={2010},
  publisher={World Scientific}
}

@book{ambrosio2006gradient,
  title={Gradient flows in metric spaces and in the space of probability measures},
  author={Ambrosio, L. and Gigli, N. and Savar{\'e}, G.},
  year={2006},
  publisher={Springer}
}

@article{jordan1998variational,
  title={The variational formulation of the {Fokker}-{Planck} equation},
  author={Jordan, R. and Kinderlehrer, D. and Otto, O.},
  journal={SIAM journal on mathematical analysis},
  volume={29},
  number={1},
  pages={1--17},
  year={1998},
  publisher={SIAM}
}

@article{Burger-JKO,
  title={Regularised Regression and Density Estimation based on Optimal Transport},
  author={M. Burger and M. Franeka and C-B. Schonlieb},
  journal={Appl. Math. Res. Express},
  volume = 2,
  pages = "209--253",  
  year={2012},
}

%
@article{GianazzaARMA, 
year={2009},
issn={0003-9527},
journal={Archive for Rational Mechanics and Analysis},
volume={194},
number={1},
doi={10.1007/s00205-008-0186-5},
title={The Wasserstein Gradient Flow of the {Fisher} Information and the Quantum Drift-diffusion Equation},
url={http://dx.doi.org/10.1007/s00205-008-0186-5},
publisher={Springer-Verlag},
author={Gianazza, U. and Savar\'e, G. and Toscani, G.},
pages={133--220},
language={English}
}


@TechReport{Peyre-JKO,
    title = "Entropic Wasserstein Gradient Flows",
    author = "G. Peyr{\'e}",
     institution = "arXiv",
     number = "1502.06216",
     type = "Preprint",
     year = "2015",
     url = {http://arxiv.org/abs/1502.06216},
}


@Article{2015-solomon-siggraph,
    title = "Convolutional Wasserstein Distances: Efficient Optimal Transportation on Geometric Domains",
    author = "J. Solomon and F. de Goes and G. Peyr{\'e} and M. Cuturi and A. Butscher and A. Nguyen and T. Du and L. Guibas",
	journal = "ACM Transactions on Graphics (Proc. SIGGRAPH 2015)",
  volume = "to appear",
     year = "2015",
     url = {http://gpeyre.github.io/papers/2015-SIGGRAPH-convolutional-ot.pdf},
}

@Article{2015-Caselles-tv,
    title = "The discontinuity set of solutions of the {TV} denoising problem and some extensions",
    author = "V. Caselles and A. Chambolle and M. Novaga",
	journal = "SIAM Multiscale Modeling and Simulation",
  volume = "6",
  number = 3, 
  pages = "879--894", 
     year = "2007",
}


@ARTICLE{beck-fista,
  author = {A. Beck and M. Teboulle},
  title = {A Fast Iterative Shrinkage-Thresholding Algorithm For Linear Inverse
	Problems},
  journal = {Journal on Imaging Sciences},
  year = {2009},
  volume = {2},
  pages = {183--202},
  number = {1}
}

@book{BauschkeCombettes11,
	Address = {New York},
	Author = {H. H. Bauschke and P. L. Combettes},
	Date-Added = {2011-07-25 22:36:34 +0200},
	Date-Modified = {2011-08-20 15:12:52 +0200},
	Publisher = {Springer-Verlag},
	Title = {Convex Analysis and Monotone Operator Theory in {H}ilbert Spaces.},
	Year = {2011}}
	
%% image denoising %%

@ARTICLE{Lorentz,
  author = {J. Lellmann and D. Lorenz and C.-B. Schonlieb and T. Valkonen},
  title = {Imaging with Kantorovich-Rubinstein discrepancy},
  journal = {to appear in SIAM Journal on Imaging Sciences},
  year = {2015},
}

%% image segmentation %%

@inproceedings{RabinPapadakisSSVM,
	  title={Convex Color Image Segmentation with Optimal Transport Distances},
	  author={J. Rabin and N. Papadakis},
	  booktitle = {Proc. SSVM'15},
	  year={2015}
}


@inproceedings{2012-icip-wasserstein-rbac,
    title = "Wasserstein Active Contours",
   	author = "G. Peyr{\'e} and J. Fadili and J. Rabin",
     year = "2012",
     booktitle = "Proc. ICIP'12",
     url = {http://hal.archives-ouvertes.fr/hal-00593424/},
}     

@article{SchnorSegmentation,
    title = "Convex Variational Image Restoration with Histogram",
   	author = "P. Swoboda and C. Schnorr",
	journal = "SIAM J. Imag. Sci.", 
	volume = 6, 
	number = 3,
	pages = "1719?-1735", 
     year = "2013",
}  
@inproceedings{SchmitzerSegmentation, 
year={2013},
booktitle={Proc. EMMCVPR'13},
volume={8081},
series={Lecture Notes in Computer Science},
title={Object Segmentation by Shape Matching with Wasserstein Modes},
publisher={Springer Berlin Heidelberg},
author={Schmitzer, B. and Schnorr, C.},
pages={123--136},
}


%% Radon 

@article {AbrahamRadon,
    AUTHOR = {I. Abraham and R. Abraham and M. Bergounioux and G. Carlier},
     TITLE = {Tomographic reconstruction from a few views: a multi-marginal optimal transport approach}     , 
   JOURNAL = {Preprint Hal-01065981} ,
       YEAR = {2014},
       }
    
%% Warpings


@article{MassGenTransport,
	Author = {J. Maas and M. Rumpf and C. Schonlieb and S. Simon},
	Title = {A generalized model for optimal transport of images including dissipation and density modulation},
	Journal = {Arxiv preprint},
	Year = {2014}}	
     
     
     
%% duality

@book{rockafellar1996convex,
	Author = {Rockafellar, R.T.},
	Publisher = {Princeton University Press},
	Title = {Convex analysis},
	Volume = {28},
	Year = {1996}}